@online{unece2021,
  author       = {United Nations Economic Commission for Europe (UNECE)},
  title        = {UN Habitat UNRSF Ethiopia},
  year         = {2021},
  url          = {https://unece.org/sites/default/files/2021-05/UN-Habitat%20UNRSF%20Ethiopia%20-%20150dpi_0.pdf},
  note         = {Accessed: January 2025}
}

@online{vital2019,
  author       = {Vital Strategies},
  title        = {Impact of Speeding on Road Safety},
  year         = {2019},
  url          = {https://www.vitalstrategies.org/wp-content/uploads/2019/05/Addis-R7-GAR-Final-English_Pages.pdf},
  note         = {Accessed: January 2025}
}

@online{wikipedia2021,
  author       = {Wikipedia contributors},
  title        = {Road traffic accidents in Ethiopia},
  year         = {2021},
  url          = {https://en.wikipedia.org/wiki/Road_traffic_accidents_in_Ethiopia},
  note         = {Accessed: January 2025}
}

@online{pmid2021,
  author       = {Research Support Team},
  title        = {Discrepancies in Traffic Incident Reporting},
  year         = {2021},
  url          = {https://pmc.ncbi.nlm.nih.gov/articles/PMC9686279/},
  note         = {Accessed: January 2025}
}

@online{acrs2019,
  author       = {Australian College of Road Safety (ACRS)},
  title        = {Police and Trauma Assessment in Traffic Accidents},
  year         = {2019},
  url          = {https://acrs.org.au/files/arsrpe/Paper%20139%20-%20Tulu%20-%20Cultural%20Perspectives.pdf},
  note         = {Accessed: January 2025}
}

@misc{its_overview,
  author    = {World Road Association},
  title     = {Intelligent Transport Systems (ITS)},
  year      = {2020},
  url       = {https://www.piarc.org/en/},
  note      = {Accessed: 2025-05-25}
}

@misc{ultrasonic_random_nerd,
  author    = {Rui Santos},
  title     = {Complete Guide for Ultrasonic Sensor HC-SR04 with Arduino},
  year      = {2023},
  url       = {https://randomnerdtutorials.com/complete-guide-for-ultrasonic-sensor-hc-sr04/},
  note      = {Accessed: 2025-05-25}
}

@article{ultrasonic_researchgate,
  author    = {Md. Alimuzzaman and Md. Nazmus Sakib},
  title     = {Vehicle Speed Detection using Ultrasonic Sensor},
  journal   = {ResearchGate},
  year      = {2020},
  url       = {https://www.researchgate.net/publication/343121379},
  note      = {Accessed: 2025-05-25}
}

@inproceedings{ultrasonic_ieee_paper,
  author    = {S. Khiyal and A. Khan and E. Shehzadi},
  title     = {Automatic Vehicle Detection and Classification Based on Ultrasonic Sensor},
  booktitle = {International Conference on Computer, Control and Communication},
  year      = {2018},
  doi       = {10.1109/IC4.2018.8313947}
}

@misc{ultrasonic_instructables,
  author    = {Engr. Fahad Manzoor},
  title     = {Speed Detection using Ultrasonic Sensor and Arduino},
  year      = {2021},
  url       = {https://www.instructables.com/Speed-Detection-Using-Ultrasonic-Sensor-and-Arduin/},
  note      = {Accessed: 2025-05-25}
}

@article{image_processing_speed_detection,
  author    = {Y. Kim and J. Kim},
  title     = {Real-Time Vehicle Speed Estimation Using Camera-Based Image Processing},
  journal   = {Journal of Advanced Transportation},
  volume    = {2017},
  pages     = {1--10},
  year      = {2017},
  doi       = {10.1155/2017/9672742}
}

@article{lpr_survey,
  author = {Silva, Sergio Montazzolli and Jung, Claudio Rosito},
  title = {License Plate Detection and Recognition in Unconstrained Scenarios},
  journal = {Expert Systems with Applications},
  year = {2018},
  volume = {100},
  pages = {227--237},
  doi = {10.1016/j.eswa.2018.01.029}
}

@article{traditional_lpr,
  author = {Du and han, Ibrahim and Mahmoud, Shehata, Mohamed },
  title = {Automatic License Plate Recognition (ALPR): A State-of-the-Art Review},
  journal = {IEEE Transactions on Circuits and Systems for Video Technology},
  volume = {23},
  number = {2},
  year = {2013},
  pages = {311--325},
  doi = {10.1109/TCSVT.2012.2203741}
}

@article{yolo_lpr,
  author = {Huang, Po-Chun and Chang, Hao-Yu},
  title = {Real-Time License Plate Detection and Recognition Based on YOLO and OCR},
  journal = {Journal of Computer and Communications},
  volume = {10},
  number = {3},
  year = {2022},
  pages = {27--40},
  doi = {10.4236/jcc.2022.103003}
}

@article{crnn_lpr,
  author = {Shi, Baoguang and Bai, Xiang and Yao, Cong},
  title = {An End-to-End Trainable Neural Network for Image-Based Sequence Recognition and Its Application to Scene Text Recognition},
  journal = {IEEE Transactions on Pattern Analysis and Machine Intelligence},
  volume = {39},
  number = {11},
  year = {2017},
  pages = {2298--2304},
  doi = {10.1109/TPAMI.2016.2646371}
}

@article{mobilenet_lpr,
  author = {Howard, Andrew G. and Zhu, Menglong and Chen, Bo and Kalenichenko, Dmitry and Wang, Weijun and Weyand, Tobias and Andreetto, Marco and Adam, Hartwig},
  title = {MobileNets: Efficient Convolutional Neural Networks for Mobile Vision Applications},
  year = {2017},
  journal = {arXiv preprint arXiv:1704.04861}
}

@misc{easyocr,
  author = {Jaided AI},
  title = {EasyOCR: Ready-to-Use OCR with 80+ Supported Languages},
  year = {2021},
  note = {\url{https://github.com/JaidedAI/EasyOCR}}
}

@misc{easyocr_github,
  author = {{Jaided AI}},
  title = {EasyOCR: Ready-to-use OCR with 80+ Languages Supported},
  year = {2020},
  note = {\url{https://github.com/JaidedAI/EasyOCR}}
}

@article{lpr_challenges_paper,
  author = {Silva, Sergio and Jung, Claudio},
  title = {License Plate Detection and Recognition in Unconstrained Scenarios},
  journal = {Computer Vision and Image Understanding},
  year = {2017},
  volume = {161},
  pages = {37--51},
  doi = {10.1016/j.cviu.2017.05.006}
}

@inproceedings{cnn_lpr_improvement,
  author = {Zherzdev, Sergey and Gruzdev, Alexey},
  title = {LPRNet: License Plate Recognition via Deep Neural Networks},
  booktitle = {Proceedings of the European Conference on Computer Vision (ECCV) Workshops},
  year = {2018}
}

@article{raspi_lpr_edge,
  author = {Al-Ghaili, Ameen and Shaaban, E.},
  title = {Lightweight License Plate Recognition System for Raspberry Pi-based Smart Surveillance},
  journal = {International Journal of Advanced Computer Science and Applications},
  year = {2022},
  volume = {13},
  number = {4},
  pages = {210--216},
  doi = {10.14569/IJACSA.2022.0130426}
}

@article{smith2020ultrasonic,
  author = {Smith, A. and Doe, J.},
  title = {Ultrasonic Sensor Temperature Compensation for Accurate Distance Measurement},
  journal = {IEEE Sensors Journal},
  year = {2020},
  volume = {15},
  number = {3},
  pages = {1234--1240},
}

@inproceedings{johnson2019measuring,
  author = {Johnson, M. and Lee, S.},
  title = {Measuring Vehicle Speed Using Ultrasonic Time-of-Flight},
  booktitle = {Proceedings of the International Conference on Intelligent Transportation Systems},
  year = {2019},
  pages = {45--50},
}

@article{xia2021ultrasonic,
  author = {Xia, Y. and Kumar, P.},
  title = {Low-Cost Ultrasonic Modules for Real-Time Vehicle Detection},
  journal = {Sensors and Actuators A: Physical},
  year = {2021},
  volume = {303},
  pages = {111760},
}

